<?xml version="1.0" encoding="UTF-8"?><collection xmlns="http://www.loc.gov/MARC21/slim"><record><leader>00403nam--2200145-i-4500</leader><controlfield tag="001">000032742</controlfield><controlfield tag="002">20161230</controlfield><controlfield tag="005">20170125234605</controlfield><controlfield tag="008">060222s1000------------r-----000-0-eng-d</controlfield><datafield ind1=" " ind2=" " tag="080"><subfield code="a">061.62(430.1) : 001.8911(047.1)</subfield></datafield><datafield ind1=" " ind2=" " tag="245"><subfield code="a">Jahresbericht 1987-88. Annual report 1987-88</subfield></datafield><datafield ind1=" " ind2=" " tag="260"><subfield code="a">Julich</subfield><subfield code="b">Kernforschungsanlage Julich Gmbh</subfield><subfield code="c">1988</subfield></datafield><datafield ind1=" " ind2=" " tag="300"><subfield code="a">199 p</subfield></datafield><datafield ind1=" " ind2=" " tag="852"><subfield code="a">72225</subfield></datafield><datafield ind1=" " ind2=" " tag="CAT"><subfield code="a">SYS</subfield><subfield code="c">20170125</subfield><subfield code="h">234605</subfield></datafield></record></collection>